<record><leader>00000cas a22000007a 4500</leader><controlfield tag="001">12637027</controlfield><controlfield tag="008">851004d19301946wvuwr ne      0    0eng d</controlfield><datafield ind1=" " ind2=" " tag="010"><subfield code="a">sn 85059507 </subfield></datafield><datafield ind1=" " ind2=" " tag="040"><subfield code="a">WVC</subfield><subfield code="b">eng</subfield><subfield code="c">WVC</subfield><subfield code="d">OCL</subfield><subfield code="d">OCLCQ</subfield></datafield><datafield ind1=" " ind2=" " tag="042"><subfield code="a">msc</subfield></datafield><datafield ind1="0" ind2="4" tag="245"><subfield code="a">The Central state news.</subfield></datafield><datafield ind1=" " ind2=" " tag="260"><subfield code="a">Belington, W. Va. :</subfield><subfield code="b">Fred E. Thompson,</subfield><subfield code="c">1930-</subfield></datafield><datafield ind1=" " ind2=" " tag="300"><subfield code="a">v.</subfield></datafield><datafield ind1=" " ind2=" " tag="310"><subfield code="a">Weekly</subfield></datafield><datafield ind1="0" ind2=" " tag="362"><subfield code="a">Vol. 11, no. 1 (Apr. 17, 1930)-</subfield></datafield><datafield ind1="1" ind2=" " tag="362"><subfield code="a">Ceased 1946?</subfield></datafield><datafield ind1=" " ind2=" " tag="500"><subfield code="a">"Superseded The Belington Progressive and The Central Republican as the local paper." Cf. Masthead, Apr. 17, 1930.</subfield></datafield><datafield ind1=" " ind2=" " tag="752"><subfield code="a">United States</subfield><subfield code="b">West Virginia</subfield><subfield code="c">Barbour</subfield><subfield code="d">Belington.</subfield></datafield><datafield ind1="1" ind2=" " tag="029"><subfield code="a">AU@</subfield><subfield code="b">000026770700</subfield></datafield></record>